<record><leader>00000cas a22000007a 4500</leader><controlfield tag="001">25415866</controlfield><controlfield tag="008">920309d18691871ncuwr ne      0    0eng d</controlfield><datafield ind1=" " ind2=" " tag="010"><subfield code="a">sn 92073940 </subfield></datafield><datafield ind1=" " ind2=" " tag="040"><subfield code="a">NVJ</subfield><subfield code="b">eng</subfield><subfield code="c">NVJ</subfield><subfield code="d">OCLCQ</subfield></datafield><datafield ind1="0" ind2="4" tag="245"><subfield code="a">The Carolina farmer and morning star.</subfield></datafield><datafield ind1="3" ind2="0" tag="246"><subfield code="a">Carolina farmer</subfield></datafield><datafield ind1="3" ind2="0" tag="246"><subfield code="a">Weekly star</subfield></datafield><datafield ind1="1" ind2="7" tag="246"><subfield code="a">Carolina farmer and weekly star</subfield></datafield><datafield ind1=" " ind2=" " tag="260"><subfield code="a">Wilmington, N.C. :</subfield><subfield code="b">Wm. H. Bernard, R.K. Bryan</subfield></datafield><datafield ind1=" " ind2=" " tag="300"><subfield code="a">v.</subfield></datafield><datafield ind1=" " ind2=" " tag="310"><subfield code="a">Weekly</subfield></datafield><datafield ind1="0" ind2=" " tag="362"><subfield code="a">Vol. 2, no. 1 (Nov. 5, 1869)-v. 3, no. 52 (Oct. 27, 1871).</subfield></datafield><datafield ind1=" " ind2=" " tag="580"><subfield code="a">Daily ed.: Morning star (Wilmington, N.C. : 1867).</subfield></datafield><datafield ind1=" " ind2=" " tag="752"><subfield code="a">United States</subfield><subfield code="b">North Carolina</subfield><subfield code="c">New Hanover</subfield><subfield code="d">Wilmington.</subfield></datafield><datafield ind1="1" ind2=" " tag="775"><subfield code="t">Morning star (Wilmington, N.C. : 1867)</subfield><subfield code="w">(DLC)sn 84026537</subfield></datafield><datafield ind1="0" ind2="0" tag="780"><subfield code="t">Carolina farmer (Wilmington, N.C. : 1868)</subfield><subfield code="w">(OCoLC)12068526</subfield></datafield><datafield ind1="0" ind2="1" tag="785"><subfield code="t">Carolina farmer (Wilmington, N.C. : 1872)</subfield><subfield code="w">(OCoLC)25406758</subfield></datafield><datafield ind1="0" ind2="1" tag="785"><subfield code="t">Weekly star (Wilmington, N.C.)</subfield><subfield code="w">(DLC)sn 84026538</subfield></datafield></record>